<record><leader>00000cas a22000007a 4500</leader><controlfield tag="001">26521489</controlfield><controlfield tag="008">920902c19579999vaucr ne      0   a0eng c</controlfield><datafield ind1=" " ind2=" " tag="010"><subfield code="a">sn 92005829 </subfield></datafield><datafield ind1=" " ind2=" " tag="040"><subfield code="a">NSD</subfield><subfield code="b">eng</subfield><subfield code="c">NSD</subfield><subfield code="d">NVK</subfield><subfield code="d">OCLCQ</subfield><subfield code="d">OCLCF</subfield><subfield code="d">OCLCO</subfield></datafield><datafield ind1=" " ind2=" " tag="012"><subfield code="l">y</subfield><subfield code="m">1</subfield></datafield><datafield ind1="1" ind2=" " tag="022"><subfield code="a">1065-1632</subfield><subfield code="l">1065-1632</subfield><subfield code="y">1992-0902</subfield><subfield code="2">1</subfield></datafield><datafield ind1="1" ind2=" " tag="029"><subfield code="a">AU@</subfield><subfield code="b">000020694658</subfield></datafield><datafield ind1=" " ind2=" " tag="032"><subfield code="a">396300</subfield><subfield code="b">USPS</subfield></datafield><datafield ind1=" " ind2=" " tag="037"><subfield code="b">Northern Virginia Sun, 2710-C, Prosperity Ave., Fairfax, VA 22031</subfield></datafield><datafield ind1=" " ind2=" " tag="042"><subfield code="a">nsdp</subfield><subfield code="a">pcc</subfield></datafield><datafield ind1=" " ind2=" " tag="043"><subfield code="a">n-us-va</subfield></datafield><datafield ind1=" " ind2="0" tag="222"><subfield code="a">Northern Virginia sun</subfield></datafield><datafield ind1="0" ind2="0" tag="245"><subfield code="a">Northern Virginia sun.</subfield></datafield><datafield ind1=" " ind2=" " tag="260"><subfield code="a">Fairfax, Va. :</subfield><subfield code="b">Philip M. Stein</subfield></datafield><datafield ind1=" " ind2=" " tag="300"><subfield code="a">v.</subfield></datafield><datafield ind1=" " ind2=" " tag="310"><subfield code="a">Semiweekly</subfield></datafield><datafield ind1="1" ind2=" " tag="362"><subfield code="a">Began in 1957?</subfield><subfield code="z">Cf Ayers.</subfield></datafield><datafield ind1=" " ind2=" " tag="500"><subfield code="a">Publisher varies: J.G.F. Media, Inc, &lt;1992&gt;.</subfield></datafield><datafield ind1=" " ind2=" " tag="588"><subfield code="a">Description based on: Vol. 24, no. 76 (Jan. 2, 1961).</subfield></datafield><datafield ind1=" " ind2="0" tag="651"><subfield code="a">Fairfax (Va.)</subfield><subfield code="v">Newspapers.</subfield></datafield><datafield ind1=" " ind2="7" tag="655"><subfield code="a">Newspapers.</subfield><subfield code="2">fast</subfield><subfield code="0">(OCoLC)fst01423814</subfield></datafield><datafield ind1=" " ind2="7" tag="651"><subfield code="a">Virginia</subfield><subfield code="z">Fairfax.</subfield><subfield code="2">fast</subfield><subfield code="0">(OCoLC)fst01214640</subfield></datafield><datafield ind1=" " ind2=" " tag="752"><subfield code="a">United States</subfield><subfield code="b">Virginia</subfield><subfield code="c">Fairfax</subfield><subfield code="d">Fairfax.</subfield></datafield><datafield ind1="0" ind2="0" tag="780"><subfield code="t">Daily Sun (Arlington, Va.)</subfield><subfield code="w">(DLC)sn 98068325</subfield></datafield></record>